@INPROCEEDINGS{7092950,
author={A. Slominski and V. Muthusamy and R. Khalaf},
booktitle={2015 IEEE International Conference on Cloud Engineering},
title={Building a Multi-tenant Cloud Service from Legacy Code with Docker Containers},
year={2015},
volume={},
number={},
pages={394-396},
keywords={Java;application program interfaces;cloud computing;specification languages;Beta Workflow service;Cloudant persistence layer;HTTP REST requests;IBM Bluemix Workflow Service;Javascript code;Javascript-based domain specific language;REST API;docker containers;legacy Web application;legacy codebase;multitenant cloud service;reusable architectural pattern;Browsers;Cloud computing;Containers;Engines;Memory management;Organizations;Security},
doi={10.1109/IC2E.2015.66},
ISSN={},
month={March},}
